% ADOP = Original paper
@article{ruckert2022adop,
  title         = {ADOP: Approximate Differentiable One-Pixel Point Rendering},
  author        = {Darius Rückert and Linus Franke and Marc Stamminger},
  year          = {2022},
  eprint        = {2110.06635},
  archiveprefix = {arXiv},
  primaryclass  = {cs.CV}
}

% Neural Point-Based Graphics
@article{Aliev2020,
  title         = {Neural Point-Based Graphics},
  author        = {Kara-Ali Aliev and Artem Sevastopolsky and Maria Kolos and Dmitry Ulyanov and Victor Lempitsky},
  year          = {2020},
  eprint        = {1906.08240v3},
  archiveprefix = {arXiv},
  primaryclass  = {cs.CV}
}

% VIDEO STABILIZATION AIDED BY GYROSCOPE
@article{karpenko2011gyrostab,
  title   = {Digital video stabilization and rolling shutter correction using gyroscopes},
  author  = {Karpenko, Alexandre and Jacobs, David and Baek, Jongmin and Levoy, Marc},
  journal = {CSTR},
  volume  = {1},
  number  = {2},
  pages   = {13},
  year    = {2011}
}

% COLMAP
@inproceedings{schoenberger2016sfm,
  author    = {Sch\"{o}nberger, Johannes Lutz and Frahm, Jan-Michael},
  title     = {Structure-from-Motion Revisited},
  booktitle = {Conference on Computer Vision and Pattern Recognition (CVPR)},
  year      = {2016}
}

% Neural Deferred Shading
@inproceedings{worchel2022nds,
  author    = {Worchel, Markus and Diaz, Rodrigo and Hu, Weiwen and Schreer, Oliver and Feldmann, Ingo and Eisert, Peter},
  title     = {Multi-View Mesh Reconstruction with Neural Deferred Shading},
  booktitle = {Proceedings of the IEEE/CVF Conference on Computer Vision and Pattern Recognition (CVPR)},
  month     = {June},
  year      = {2022}
}



% IMLS
@article{kolluri2008IMLS,
  title={Provably good moving least squares},
  author={Kolluri, Ravikrishna},
  journal={ACM Transactions on Algorithms (TALG)},
  volume={4},
  number={2},
  pages={1--25},
  year={2008},
  publisher={ACM New York, NY, USA}
}

%NERF
@article{mildenhall2020nerf,
      title={NeRF: Representing Scenes as Neural Radiance Fields for View Synthesis}, 
      author={Ben Mildenhall and Pratul P. Srinivasan and Matthew Tancik and Jonathan T. Barron and Ravi Ramamoorthi and Ren Ng},
      year={2020},
      eprint={2003.08934},
      archivePrefix={arXiv},
      primaryClass={cs.CV}
}


% Perceptual Losses
@misc{johnson2016perceptual,
      title={Perceptual Losses for Real-Time Style Transfer and Super-Resolution}, 
      author={Justin Johnson and Alexandre Alahi and Li Fei-Fei},
      year={2016},
      eprint={1603.08155},
      archivePrefix={arXiv},
      primaryClass={cs.CV}
}


% Potree
@article{potree,
	title =      "Fast Out-of-Core Octree Generation for Massive Point Clouds",
	author =     "Markus Schütz and Stefan Ohrhallinger and Michael Wimmer",
	year =       "2020",
	month =      nov,
	journal =    "Computer Graphics Forum",
	volume =     "39",
	number =     "7",
	doi =        "10.1111/cgf.14134",
	pages =      "13",
	publisher =  "John Wiley & Sons, Inc.",
	keywords =   "point clouds, point-based rendering, level of detail",
}


# Tanks and Temples
@article{Knapitsch2017TanksAndTemples,
    author    = {Arno Knapitsch and Jaesik Park and Qian-Yi Zhou and Vladlen Koltun},
    title     = {Tanks and Temples: Benchmarking Large-Scale Scene Reconstruction},
    journal   = {ACM Transactions on Graphics},
    volume    = {36},
    number    = {4},
    year      = {2017},
}



% RawNERF
@article{mildenhall2022rawnerf,
    title={{NeRF} in the Dark: High Dynamic Range View Synthesis from Noisy Raw Images},
    author={Ben Mildenhall and Peter Hedman and Ricardo Martin-Brualla and Pratul P. Srinivasan and Jonathan T. Barron},
    journal={CVPR},
    year={2022}
}

# Noise2Noise
@misc{lehtinen2018noise2noise,
      title={Noise2Noise: Learning Image Restoration without Clean Data}, 
      author={Jaakko Lehtinen and Jacob Munkberg and Jon Hasselgren and Samuli Laine and Tero Karras and Miika Aittala and Timo Aila},
      year={2018},
      eprint={1803.04189},
      archivePrefix={arXiv},
      primaryClass={cs.CV}
}


# Zhang method
@article{Zhang00calib,
  added-at = {2016-03-12T00:00:00.000+0100},
  author = {Zhang, Zhengyou},
  biburl = {https://www.bibsonomy.org/bibtex/28f322f4f3ba5d41918fc7511e59d1176/dblp},
  ee = {http://doi.ieeecomputersociety.org/10.1109/34.888718},
  journal = {IEEE Trans. Pattern Anal. Mach. Intell.},
  keywords = {dblp},
  number = 11,
  pages = {1330-1334},
  timestamp = {2016-03-15T11:51:57.000+0100},
  title = {A Flexible New Technique for Camera Calibration.},
  url = {http://dblp.uni-trier.de/db/journals/pami/pami22.html#Zhang00},
  volume = 22,
  year = 2000
}

# BlenderProc
@article{Denninger2023, 
    doi = {10.21105/joss.04901},
    url = {https://doi.org/10.21105/joss.04901},
    year = {2023},
    publisher = {The Open Journal}, 
    volume = {8},
    number = {82},
    pages = {4901}, 
    author = {Maximilian Denninger and Dominik Winkelbauer and Martin Sundermeyer and Wout Boerdijk and Markus Knauer and Klaus H. Strobl and Matthias Humt and Rudolph Triebel},
    title = {BlenderProc2: A Procedural Pipeline for Photorealistic Rendering}, 
    journal = {Journal of Open Source Software}
} 

% Rendering Point Clouds with Compute Shaders and Vertex Order Optimization
% Zbuffer
@misc{schutz2021rendering,
      title={Rendering Point Clouds with Compute Shaders and Vertex Order Optimization}, 
      author={Markus Schütz and Bernhard Kerbl and Michael Wimmer},
      year={2021},
      eprint={2104.07526},
      archivePrefix={arXiv},
      primaryClass={cs.GR}
}

% Reverse ISP
@misc{brooks2018unprocessing,
      title={Unprocessing Images for Learned Raw Denoising}, 
      author={Tim Brooks and Ben Mildenhall and Tianfan Xue and Jiawen Chen and Dillon Sharlet and Jonathan T. Barron},
      year={2018},
      eprint={1811.11127},
      archivePrefix={arXiv},
      primaryClass={cs.CV}
}

% Deep ISP blackbox
@misc{ignatov2020replacing,
      title={Replacing Mobile Camera ISP with a Single Deep Learning Model}, 
      author={Andrey Ignatov and Luc Van Gool and Radu Timofte},
      year={2020},
      eprint={2002.05509},
      archivePrefix={arXiv},
      primaryClass={cs.CV}
}

% UNET
@misc{ronneberger2015unet,
      title={U-Net: Convolutional Networks for Biomedical Image Segmentation}, 
      author={Olaf Ronneberger and Philipp Fischer and Thomas Brox},
      year={2015},
      eprint={1505.04597},
      archivePrefix={arXiv},
      primaryClass={cs.CV}
}


% GatedConv for Inpainting
@misc{yu2019freeform,
      title={Free-Form Image Inpainting with Gated Convolution}, 
      author={Jiahui Yu and Zhe Lin and Jimei Yang and Xiaohui Shen and Xin Lu and Thomas Huang},
      year={2019},
      eprint={1806.03589},
      archivePrefix={arXiv},
      primaryClass={cs.CV}
}